<record><leader>00000cas a2200000 a 4500</leader><controlfield tag="001">12061105</controlfield><controlfield tag="008">850521d19001903aluwr ne      0    0eng d</controlfield><datafield ind1=" " ind2=" " tag="010"><subfield code="a">sn 87050320 </subfield></datafield><datafield ind1=" " ind2=" " tag="040"><subfield code="a">AAA</subfield><subfield code="b">eng</subfield><subfield code="c">AAA</subfield><subfield code="d">CPN</subfield><subfield code="d">OCL</subfield><subfield code="d">OCLCQ</subfield></datafield><datafield ind1=" " ind2=" " tag="042"><subfield code="a">msc</subfield></datafield><datafield ind1="0" ind2=" " tag="130"><subfield code="a">Sentinel (Montevallo, Ala.)</subfield></datafield><datafield ind1="1" ind2="4" tag="245"><subfield code="a">The Sentinel.</subfield></datafield><datafield ind1="1" ind2="7" tag="246"><subfield code="a">Shelby sentinel</subfield></datafield><datafield ind1=" " ind2=" " tag="260"><subfield code="a">Montevallo, Ala. :</subfield><subfield code="b">H.E. Whitaker,</subfield><subfield code="c">1900-1903.</subfield></datafield><datafield ind1=" " ind2=" " tag="300"><subfield code="a">v. :</subfield><subfield code="b">ill.</subfield></datafield><datafield ind1=" " ind2=" " tag="310"><subfield code="a">Weekly</subfield></datafield><datafield ind1="0" ind2=" " tag="362"><subfield code="a">Vol. 7, no. 39 (May 10, 1900)-v. 10, no. 25 (Jan. 29, 1903).</subfield></datafield><datafield ind1=" " ind2=" " tag="752"><subfield code="a">United States</subfield><subfield code="b">Alabama</subfield><subfield code="c">Shelby</subfield><subfield code="d">Montevallo.</subfield></datafield><datafield ind1="0" ind2="0" tag="780"><subfield code="t">Shelby sentinel (Calera, Ala.)</subfield><subfield code="w">(DLC)sn 87050319</subfield></datafield><datafield ind1="0" ind2="0" tag="785"><subfield code="t">Montevallo sentinel</subfield><subfield code="w">(DLC)sn 87050321</subfield></datafield></record>